<?xml version="1.0" encoding="UTF-8"?>
<record xmlns="http://www.loc.gov/MARC21/slim" xmlns:xsi="http://www.w3.org/2001/XMLSchema-instance" xsi:schemaLocation="http://www.loc.gov/MARC21/slim http://www.loc.gov/standards/marcxml/schema/MARC21slim.xsd">
<leader>00000cam a22      a 4500</leader>
<controlfield tag="001">001496938</controlfield>
<controlfield tag="003">NNU</controlfield>
<controlfield tag="005">20160112174612.0</controlfield>
<controlfield tag="008">910315s1941    mr       d    000 0 ara</controlfield>
<datafield tag="010" ind1=" " ind2=" ">
<subfield code="a">   89968294</subfield>
</datafield>
<datafield tag="035" ind1=" " ind2=" ">
<subfield code="a">(OCoLC)37106513</subfield>
</datafield>
<datafield tag="040" ind1=" " ind2=" ">
<subfield code="a">DLC</subfield>
<subfield code="b">eng</subfield>
<subfield code="c">DLC</subfield>
<subfield code="d">CUY</subfield>
<subfield code="d">OCL</subfield>
<subfield code="d">OCLCQ</subfield>
<subfield code="d">OCLCO</subfield>
<subfield code="d">OCLCQ</subfield>
<subfield code="d">OCLCO</subfield>
<subfield code="d">NNU</subfield>
</datafield>
<datafield tag="050" ind1=" " ind2="4">
<subfield code="a">R128.3.R336</subfield>
<subfield code="b">I25 1941</subfield>
</datafield>
<datafield tag="100" ind1="1" ind2=" ">
<subfield code="6">880-01</subfield>
<subfield code="a">Ibn al-Ḥashshāʼ, Aḥmad ibn Muḥammad.</subfield>
</datafield>
<datafield tag="245" ind1="1" ind2="0">
<subfield code="6">880-02</subfield>
<subfield code="a">Mufīd al-ʻulūm wa-mubīd al-humūm :</subfield>
<subfield code="b">wa-huwa tafsīr al-alfāẓ al-ṭibbīyah wa-al-lughawīyah al-wāqiʻah fī al-Kitāb al-Manṣūrī lil-Rāzī /</subfield>
<subfield code="c">Ibn al-Ḥashshāʼ ; nasharāh wa-ṣaḥḥaḥāh ʻan baʻḍ al-nusakh al-makhṭūṭah Jūrj S. Kūlān wa-H.B.J. Rinū.</subfield>
</datafield>
<datafield tag="246" ind1="1" ind2="5">
<subfield code="a">Glossaire sur le Mansʼuri de Razes</subfield>
</datafield>
<datafield tag="260" ind1=" " ind2=" ">
<subfield code="6">880-03</subfield>
<subfield code="a">[Rabat] :</subfield>
<subfield code="b">Maʻhad al-ʻUlūm al-ʻUlyá al-Maghribīyah,</subfield>
<subfield code="c">1941.</subfield>
</datafield>
<datafield tag="300" ind1=" " ind2=" ">
<subfield code="a">162, pages ;</subfield>
<subfield code="c">24 cm.</subfield>
</datafield>
<datafield tag="336" ind1=" " ind2=" ">
<subfield code="a">text</subfield>
<subfield code="b">txt</subfield>
<subfield code="2">rdacontent</subfield>
</datafield>
<datafield tag="337" ind1=" " ind2=" ">
<subfield code="a">unmediated</subfield>
<subfield code="b">n</subfield>
<subfield code="2">rdamedia</subfield>
</datafield>
<datafield tag="338" ind1=" " ind2=" ">
<subfield code="a">volume</subfield>
<subfield code="b">nc</subfield>
<subfield code="2">rdacarrier</subfield>
</datafield>
<datafield tag="490" ind1="1" ind2=" ">
<subfield code="6">880-04</subfield>
<subfield code="a">Maṭbūʻāt Maʻhad al-ʻUlūm al-ʻUlyā al-Maghribīyah ;</subfield>
<subfield code="v">al-juzʼ 11</subfield>
</datafield>
<datafield tag="600" ind1="1" ind2="0">
<subfield code="6">880-05</subfield>
<subfield code="a">Rāzī, Abū Bakr Muḥammad ibn Zakarīyā,</subfield>
<subfield code="d">865?-925?</subfield>
<subfield code="t">Kitāb al-Manṣūrī.</subfield>
</datafield>
<datafield tag="650" ind1=" " ind2="0">
<subfield code="a">Medicine, Arab</subfield>
<subfield code="v">Dictionaries</subfield>
<subfield code="v">Early works to 1800.</subfield>
</datafield>
<datafield tag="700" ind1="1" ind2=" ">
<subfield code="6">880-06</subfield>
<subfield code="a">Colin, G. S.</subfield>
<subfield code="q">(Georges Séraphin),</subfield>
<subfield code="d">1893-1977.</subfield>
</datafield>
<datafield tag="700" ind1="1" ind2=" ">
<subfield code="6">880-07</subfield>
<subfield code="a">Renaud, Henri-Paul-Joseph,</subfield>
<subfield code="d">1881-1945.</subfield>
</datafield>
<datafield tag="776" ind1="0" ind2="8">
<subfield code="i">Online version:</subfield>
<subfield code="a">Ibn al-Ḥashshāʼ, Aḥmad ibn Muḥammad.</subfield>
<subfield code="t">Mufīd al-ʻulūm wa-mubīd al-humūm.</subfield>
<subfield code="d">[Rabat] : Maʻhad al-ʻUlūm al-ʻUlyá al-Maghribīyah, 1941</subfield>
<subfield code="w">(OCoLC)680648303</subfield>
</datafield>
<datafield tag="880" ind1="1" ind2=" ">
<subfield code="6">100-01/</subfield>
<subfield code="a">ابن الحشاء، أحمد بن محمد.</subfield>
</datafield>
<datafield tag="880" ind1="1" ind2="0">
<subfield code="6">245-02/</subfield>
<subfield code="a">مفيد العلوم ومبيد الهموم :</subfield>
<subfield code="b">وهو تفسير الالفاظ الطبية واللغوية الواقعة في الكتاب المنصوري للرازي /</subfield>
<subfield code="c">ابن الحشاء ؛ نشراه وصححاه عن چورجس. كولان و ه.ب.ج.رنو.</subfield>
</datafield>
<datafield tag="880" ind1=" " ind2=" ">
<subfield code="6">260-03/</subfield>
<subfield code="a">رباط :</subfield>
<subfield code="b">معهد العلوم العليا المغربية،</subfield>
<subfield code="c">١٩٤١.</subfield>
</datafield>
<datafield tag="880" ind1="1" ind2=" ">
<subfield code="6">490-04/</subfield>
<subfield code="a">مطبوعات معهد العلوم العليا المغربية ؛</subfield>
<subfield code="v">الجزء ١١</subfield>
</datafield>
<datafield tag="880" ind1="1" ind2="0">
<subfield code="6">600-05/</subfield>
<subfield code="a">رازي، ابو بكر محمد بن زكريا،</subfield>
<subfield code="d">865?-925?</subfield>
<subfield code="t">كتاب المنصوري.</subfield>
</datafield>
<datafield tag="880" ind1="1" ind2=" ">
<subfield code="6">700-06/</subfield>
<subfield code="a">كولان، جورج،</subfield>
<subfield code="d">1893-1977.</subfield>
</datafield>
<datafield tag="880" ind1="1" ind2=" ">
<subfield code="6">700-07/</subfield>
<subfield code="a">رناود، هنري بول جوسيف،</subfield>
<subfield code="d">1881-1945.</subfield>
</datafield>
<datafield tag="830" ind1=" " ind2="0">
<subfield code="6">880-08</subfield>
<subfield code="a">Maṭbūʻāt Maʻhad al-ʻUlūm al-ʻUlyā al-Maghribīyah ;</subfield>
<subfield code="v">al-juzʼ 11.</subfield>
</datafield>
<datafield tag="880" ind1=" " ind2="0">
<subfield code="6">830-08/</subfield>
<subfield code="a">مطبوعات معهد العلوم العليا المغربية ;</subfield>
<subfield code="v">الجزء ١١.</subfield>
</datafield>
<datafield tag="OWN" ind1=" " ind2=" ">
<subfield code="a">GENERAL</subfield>
</datafield>
<datafield tag="AVA" ind1=" " ind2=" ">
<subfield code="a">NYU50</subfield>
<subfield code="b">BOBST</subfield>
<subfield code="c">Main Collection</subfield>
<subfield code="d">R128.3 .R3363 1941</subfield>
<subfield code="e">unavailable</subfield>
<subfield code="t">Unavailable</subfield>
<subfield code="f">1</subfield>
<subfield code="g">1</subfield>
<subfield code="h">N</subfield>
<subfield code="i">0</subfield>
<subfield code="j">MAIN</subfield>
<subfield code="k">0</subfield>
</datafield>
</record>
